

@article{Akbarzadeh2018,
author = {Meisam Akbarzadeh and Syed Sina Mohri and Ehsan Yazdian},
title = {Designing bike networks using the concept of network clusters},
journal = {Applied Network Science},
volume = {3},
number = {12},
year = {2018},
}

@article{Duthie2014,
author = {Jennifer Duthie and Avinash Unnikrishnan},
title = {Optimization Framework for Bicycle Network Design},
journal = {Journal of Transportation Engineering},
volume = {140},
number = {7},
pages = {04014028},
year = {2014},
}

@article{Taylor1999,
author = {Dean Taylor and W. Jeffrey Davis},
title ={Review of Basic Research in Bicycle Traffic Science, Traffic Operations, and Facility Design},
journal = {Transportation Research Record},
volume = {1674},
number = {1},
pages = {102-110},
year = {1999},
}

@article{Pacheco2021,
title = {Integrating advanced discrete choice models in mixed integer linear optimization},
journal = {Transportation Research Part B: Methodological},
volume = {146},
pages = {26-49},
year = {2021},
author = {Meritxell {Pacheco Paneque} and Michel Bierlaire and Bernard Gendron and Shadi Sharif Azadeh},
}

@article{Zimmermann2017,
title = {Bike route choice modeling using {GPS} data without choice sets of paths},
journal = {Transportation Research Part C: Emerging Technologies},
volume = {75},
pages = {183-196},
year = {2017},
author = {Maëlle Zimmermann and Tien Mai and Emma Frejinger},
}

@article{Vedel2017,
title = {{Bicyclists’ preferences for route characteristics and crowding in Copenhagen – A choice experiment study of commuters}},
journal = {Transportation Research Part A: Policy and Practice},
volume = {100},
pages = {53-64},
year = {2017},
author = {Suzanne Elizabeth Vedel and Jette Bredahl Jacobsen and Hans Skov-Petersen},
}

@article{Scott2021,
title = {{Route choice of bike share users: Leveraging GPS data to derive choice sets}},
journal = {Journal of Transport Geography},
volume = {90},
pages = {102903},
year = {2021},
author = {Darren M. Scott and Wei Lu and Matthew J. Brown},
}

@article{Liu2019,
title = {Bike network design problem with a path-size logit-based equilibrium constraint: Formulation, global optimization, and matheuristic},
journal = {Transportation Research Part E: Logistics and Transportation Review},
volume = {127},
pages = {284-307},
year = {2019},
author = {Haoxiang Liu and W.Y. Szeto and Jiancheng Long},
}

@article{LeBlanc1975,
title = {An efficient approach to solving the road network equilibrium traffic assignment problem},
journal = {Transportation Research},
volume = {9},
number = {5},
pages = {309-318},
year = {1975},
author = {Larry J. LeBlanc and Edward K. Morlok and William P. Pierskalla},
}

@article{Schweizer2014,
title = {Performance Evaluation of Extreme Bicycle Scenarios},
journal = {Procedia - Social and Behavioral Sciences},
volume = {111},
pages = {508-517},
year = {2014},
author = {Joerg Schweizer and Federico Rupi},
}

@techreport{Taylor2017,
      title        = "Typical Costs of Cycling Interventions: Interim analysis of Cycle City Ambition schemes",
      author       = "Ian Taylor and Beth Hiblin",
	  institution    = "Department for Transport",
      year         = 2017
}

@techreport{Mauttone2017a,
      title        = "Encuesta de movilidad del área metropolitana de Montevideo. Principales resultados e indicadores",
      author       = "Antonio Mauttone and Diego Hernández",
	  institution    = "Development Bank of Latin America",
      year         = 2017
}

@article{Zhu2019,
title = "Multi-objective bike-way network design problem with space-time accessibility constraint",
author = "Siying Zhu and Feng Zhu",
journal = "Transportation",
volume = "47",
number = "5",
pages = "2479 - 2503",
year = "2019"
}

@book{Sheffi1985,
      title        = "Urban transportation networks: Equilibrium Analysis With Mathematical Programming Methods",
      author       = "Y. Sheffi",
	  publisher    = "Englewood Cliffs: Prentice-Hall",
      year         = 1985
}

@article{Xing2010,
title = "Factors associated with proportions and miles of bicycling for transportation and recreation in six small {US} cities",
author = "Yan Xing and Susan L. Handy and Patricia L. Mokhtarian",
journal = "Transportation Research Part D: Transport and Environment",
volume = "15",
number = "2",
pages = "73 - 81",
year = "2010"
}

@techreport{Civitas2020,
      title        = "Smart choices for cities. {Cycling in the City}",
      author       = "{CIVITAS}",
	  institution    = "European Commission",
      year         = 2020
}

@techreport{Idb2020,
      title        = "Ciclo-inclusión en América Latina y el Caribe",
      author       = "R.A. {R\' ios Flores} and A.P. Taddia and C.F. Pardo and N. Lleras",
	  institution    = "Interamerican Development Bank",
      year         = 2015
}

@article{Hunt2007,
title = "Influences on bicycle use",
journal = "Transportation",
volume = "34",
number = "4",
pages = "453 - 470",
year = "2007",
author = "Hunt, J. D. and Abraham, J. E."
}

@book{HCM2010,
      title        = "Highway Capacity Manual",
	  author       = "TRB",
      publisher    = "Transportation Research Board of the National Academies",
      year         = 2010
}

@article{Li2012,
title = "Physical environments influencing bicyclists’ perception of comfort on separated and on-street bicycle facilities",
author = "Zhibin Li and Wei Wang and Pan Liu and David R. Ragland",
journal = "Transportation Research Part D: Transport and Environment",
volume = "17",
number = "3",
pages = "256 - 261",
year = "2012"
}

@book{Bendiks2013,
      author    = "Stefan Bendiks and Aglae Degros",
      title     = "Cycle Infrastructure",
      publisher = "nai010 publishers",
      address   = "Rotterdam",
      year      = 2013
}
	
@article{Buehler2016,
author = {Ralph Buehler and Jennifer Dill},
title = {Bikeway Networks: A Review of Effects on Cycling},
journal = {Transport Reviews},
volume = {36},
number = {1},
pages = {9-27},
year  = {2016}
}

@article{Hull2014,
author = {Angela Hull and Craig O'Holleran},
title = {Bicycle infrastructure: can good design encourage cycling?},
journal = {Urban, Planning and Transport Research},
volume = {2},
number = {1},
pages = {369-406},
year  = {2014}
}

@article{Ryu2020,
author = {S. Ryu},
title = {A Bicycle Origin-–Destination Matrix Estimation Based on a Two-Stage Procedure},
journal = {Sustainability},
volume = {12},
number = {2951},
year  = {2020}
}

@book{Ortuzar2011,
author = {{J. de D.} Ort\'uzar and {L. G.} Willumsen },
title = {Modelling Transport},
publisher = "Wiley",
year      = 2011
}

@incollection{Quynh2018,
      author    = "{T.D.} Quynh and {N.Q.} Thuan ",
      editor    = "Pardalos P. and Migdalas A. ",
      title     = "On Optimization Problems in Urban Transport",
      booktitle = "Open Problems in Optimization and Data Analysis",
      year      = 2018,
      publisher = "Springer",
      pages     = "151--170"
}

@article{Mauttone2017,
title = "Bicycle network design: model and solution algorithm",
journal = "Transportation Research Procedia",
volume = "27",
pages = "969 - 976",
year = "2017",
author = "Antonio Mauttone and Gonzalo Mercadante and María Rabaza and Fernanda Toledo"
}

@article{Magnanti1984,
 author = {T. L. Magnanti and R. T. Wong},
 journal = {Transportation Science},
 number = {1},
 pages = {1--55},
 title = {Network Design and Transportation Planning: Models and Algorithms},
 volume = {18},
 year = {1984}
}

@article{Krizek2005,
title = "What is at the end of the road? {U}nderstanding discontinuities of on-street bicycle lanes in urban settings",
journal = "Transportation Research Part D: Transport and Environment",
volume = "10",
number = "1",
pages = "55 - 68",
year = "2005",
author = "Kevin J. Krizek and Rio W. Roland"
}

@article{Mesbah2012,
author = {Mahmoud Mesbah and Russell Thompson and Sara Moridpour},
title ={Bilevel Optimization Approach to Design of Network of Bike Lanes},
journal = {Transportation Research Record},
volume = {2284},
number = {1},
pages = {21-28},
year = {2012}
}

@article{Massobrio2020,
author = {Renzo Massobrio and Sergio Nesmachnow},
title ={{Urban Mobility Data Analysis for Public Transportation Systems: A Case Study in Montevideo, Uruguay}},
journal = {Applied Sciences},
volume = {10},
number = {16},
pages = {5400},
year = {2020}
}

@Inbook{Crainic2021,
author="Crainic, Teodor Gabriel and Gendreau, Michel and Gendron, Bernard",
chapter=" 2 (Fixed-Charge Network Design Problems)",
title="Network Design with Applications to Transportation and Logistics",
year="2021",
publisher="Springer International Publishing",
address="Cham",
pages="15--28"
}

@article{Giovannini2017,
title = {Cycle-tourist network design},
journal = {Transportation Research Procedia},
volume = {22},
pages = {154-163},
year = {2017},
author = {Alessandro Giovannini and Federico Malucelli and Maddalena Nonato},
}

@article{Larsen2013,
title = {{Build it. But where? The use of geographic information systems in identifying locations for new cycling infrastructure}},
journal = {International Journal of Sustainable Transportation},
volume = {7},
number = {4},
pages = {299‐317},
year = {2013},
author = {J. Larsen and Z. Patterson and A. El‐Geneidy},
}

@article{Zuo2019,
title = {Bikeway prioritization to increase bicycle network connectivity and bicycle-transit connection: A multi-criteria decision analysis approach},
journal = {Transportation Research Part A: Policy and Practice},
volume = {129},
pages = {52-71},
year = {2019},
author = {Ting Zuo and Heng Wei},
}

@article{Munguia2017,
title = {A parallel local search framework for the Fixed-Charge Multicommodity Network Flow problem},
journal = {Computers \& Operations Research},
volume = {77},
pages = {44-57},
year = {2017},
author = {{Llu{\' i}s-Miquel} Mungu{\' i}a and Shabbir Ahmed and David A. Bader and George L. Nemhauser and Vikas Goel and Yufen Shao},
}

@article{Xiao2017,
title = {A variable neighborhood search for the network design problem with relays},
journal = {Journal of Heuristics},
volume = {23},
number = {2},
pages = {137-164},
year = {2017},
author = {Yiyong Xiao and Abdullah Konak},
}

@article{Zetina2019,
title = {{Exact algorithms based on Benders decomposition for multicommodity uncapacitated fixed-charge network design}},
journal = {Computers \& Operations Research},
volume = {111},
pages = {311-324},
year = {2019},
author = {{Carlos Armando} Zetina and Ivan Contreras and Jean-François Cordeau},
}

@article{Lin2013,
title = {A bikeway network design model for urban areas},
journal = {Transportation},
volume = {40},
number = {1},
pages = {45-68},
year = {2013},
author = {Jen-Jia Lin and Chia-Jung Yu},
}

@book{Promel2002,
  title={The Steiner Tree Problem: A Tour through Graphs, Algorithms, and Complexity},
  author={Pr{\"o}mel, H.J. and Steger, A.},
  isbn={9783322802910},
  series={Advanced Lectures in Mathematics},
  year={2002},
  publisher={Vieweg+Teubner Verlag}
}
