@article{garcia2005,
    author="Ricardo García and Armando Garzón-Astolfi and Ángel Marín and Juan A. Mesa and Francisco A. Ortega",
    title="Analysis of the Parameters of Transfers in Rapid Transit Network Design",
    year="2005",
    volume="2",
    journal="5th Workshop on Algorithmic Methods and Models for Optimization of Railways (ATMOS'05). Vol. 2.",
}
@book{laporte2007,
    author="Gilbert Laporte and Ángel Marín and Juan A. Mesa and Francisco A. Ortega",
    title="An Integrated Methodology for the Rapid Transit Network Design Problem",
    year="2007",
    publisher="Springer Berlin Heidelberg",
}
@article{marin2007,
    author="Ángel Marín",
    title="An extension to rapid transit network design problem",
    year="2007",
    journal="TOP",
    volume="15",
}
@article{baya2021,
    author="Gabriel Bayá and Antonio Mauttone and Franco Robledo",
    title="Bicycle network design considering discontinuities and different technological alternatives",
    year="2021",
}
@unpublished{lim2021,
    author="Jisoon Lim and Kevin Dalmeijer and Subhrajit Guhathakurta and Pascal Van Hentenryck",
    title="The Bicycle Network Improvement Problem: Optimization Algorithms and A Case Study in Atlanta",
    year="2021",
    url="https://arxiv.org/abs/2107.04451",
}
@article{heartrisksuy,
    author={{Ministerio de Salud Pública}},
    title="Investigación sobre factores de riesgo cardiovascular en Uruguay",
    year="2004",
    journal="Revista Médica del Uruguay",
    volume="20",
}
@unpublished{mspphisicalactivityguid,
    author={{Ministerio de Salud Pública}},
    title="¡A MOVERSE! Guia de actividad física",
    year="2017",
    url="https://www.gub.uy/ministerio-salud-publica/sites/ministerio-salud-publica/files/documentos/campanas/MSP_GUIA_ACTIVIDAD_FISICA.pdf",
}
@unpublished{mspsurveyriskfactors,
    author={{Ministerio de Salud Pública}},
    title="Encuesta Nacional de Factores de Riesgo de Enfermedades no transmisibles",
    year="2018",
    url="https://www.gub.uy/ministerio-salud-publica/comunicacion/publicaciones/2da-encuesta-nacional-de-factores-de-riesgo-de-enfermedades-no",
}
@book{bardbook,
    author="Jonathan F. Bard",
    title="Practical Bilevel Optimization, Algorithms and Applications",
    year="1998",
    publisher="Springer",
}
@manual{typicalcostsofcylcing,
    author="UK Department for Transport",
    title="Typical Costs of Cycling Interventions Interim analysis of Cycle City Ambition schemes",
    year="2017",
}
@manual{blos2007,
    author="Sprinkle Consulting Inc.",
    title="Bicycle Level Of Service, Applied Model",
    year="2007",
}
@article{shwe2014,
    author="Schweizer and Rupi",
    title="Performance evaluation of extreme bicycle scenarios",
    year="2014",
    journal="Procedia - Social and Behavioral Sciences",
    volume="111",
}
@book{ortuz2011,
    author="Juan Ortúzar and Luis Willumsen",
    title="Modelling Transport",
    year="2011",
    publisher="Wiley",
}
@unpublished{rios2015,
    author="Alberto Ríos and Alejandro Taddia",
    title="Ciclo-inclusión en América Latina y el Caribe",
    year="2015",
    url="https://publications.iadb.org/es/ciclo-inclusion-en-america-latina-y-el-caribe-guia-para-impulsar-el-uso-de-la-bicicleta",
}
@article{anette2018,
    author="Jahre Anette and Bere Elling and Nordengen Solveig and Solbraa Ane and Andersen Lars and Riiser Amund and Bjørnarå Helga",
    title="Public employees in South-Western Norway using an e-bike or a regular bike for commuting – A cross-sectional comparison on sociodemographic factors, commuting frequency and commuting distance",
    year="2019",
    journal="Preventive Medicine Reports",
    volume="14",
}
@article{broach2012,
    author="Joseph Broach and Jennifer Dill and John Gliebe",
    title="Where do cyclists ride? A route choice model developed with revealed preference GPS data",
    year="2012",
    journal="Transportation Research Part A: Policy and Practice",
    volume="46",
}
@article{cadarso2015,
    author="Luis Cadarso and Ángel Marín",
    title="Improved rapid transit network design model: considering transfer effects",
    year="2015",
    journal="Annals of Operations Research",
    volume="258",
}
@article{winters2010,
    author="Meghan Winters and Kay Teschke and Michael Grant and Eleanor M. Setton and Michael Brauer",
    title="How Far Out of the Way Will We Travel?: Built Environment Influences on Route Selection for Bicycle and Car Travel",
    year="2010",
    journal="Transportation Research Record",
    volume="2190",
}
@book{networkflowsbook,
    title="Network Flows: Theory, Algorithms, and Applications",
    author="Ravindra K. Ahuja and Thomas L. Magnanti and James B. Orlin",
    year="1993",
    publisher="Pearson",
}
@article{kara2004,
    title="Designing a Road Network for Hazardous Materials Transportation",
    author="Bahar Y. Kara and Vedat Verter",
    year="2004",
    journal="Transportation Science",
    volume="38",
}
@book{vogel2016,
    title="Service Network Design of Bike Sharing Systems : Analysis and Optimization",
    author="Patrick Vogel",
    year="2016",
    publisher="Springer",
}
@article{bucarey2022,
    title="Benders decomposition for network design covering problems",
    author="Víctor Bucarey and Bernard Fortz and Natividad González-Blanco and Martine Labbé and Juan A. Mesa",
    year="2022",
    journal="Computers \& Operations Research",
    volume="137",
}
@article{Li2017,
    title="Bicycle mode share in China: a city-level analysis of long term trends",
    author="Zhibin Li and Wei Wang and Chen Yang and Haoyang Ding",
    year="2017",
    journal="Transportation",
    volume="44",
}
@book{crainic2021,
    author="Crainic, Teodor Gabriel and Gendreau, Michel and Gendron, Bernard",
    title="Network Design with Applications to Transportation and Logistics",
    year="2021",
    publisher="Springer Cham",
}
@inbook{crainic2021ch8,
    author="Crainic, Teodor Gabriel and Gendreau, Michel and Gendron, Bernard",
    chapter="8 (Piecewise Linear Cost Network Design)",
    title="Network Design with Applications to Transportation and Logistics",
    year="2021",
    publisher="Springer Cham",
    pages="185--205",
}
