@article{garcia2005,
    author="Ricardo García and Armando Garzón-Astolfi and Ángel Marín and Juan A. Mesa and Francisco A. Ortega",
    title="Analysis of the Parameters of Transfers in Rapid Transit Network Design",
    year="2005",
}
@article{laporte2007,
    author="Gilbert Laporte and Ángel Marín and Juan A. Mesa and Francisco A. Ortega",
    title="An Integrated Methodology for the Rapid Transit Network Design Problem",
    year="2007",
}
@article{marin2007,
    author="Ángel Marín",
    title="An extension to rapid transit network design problem",
    year="2007",
}
@article{mauttone2017,
    author="Antonio Mauttone and Gonzalo Mercadante and María Rabaza and Fernanda Toledo",
    title="Bicycle network design: model and solution algorithm",
    year="2017",
}
@article{baya2021,
    author="Gabriel Bayá and Antonio Mauttone and Franco Robledo",
    title="Bicycle network design considering discontinuities and different technological alternatives",
    year="2021",
}
@article{lim2021,
    author="Jisoon Lim and Kevin Dalmeijer and Subhrajit Guhathakurta and Pascal Van Hentenryck",
    title="The Bicycle Network Improvement Problem: Optimization Algorithms and A Case Study in Atlanta",
    year="2007",
}
@article{heartrisksuy,
    author="Ministerio de Salud Pública",
    title="Investigación sobre factores de riesgo cardiovascular en Uruguay",
    year="2004",
}
@manual{mspphisicalactivityguid,
    author="Ministerio de Salud Pública",
    title="¡A MOVERSE! Guia de actividad física",
    year="2017",
}
@article{mspsurveyriskfactors,
    author="Ministerio de Salud Pública",
    title="Encuesta Nacional de Factores de Riesgo de Enfermedades no transmisibles",
    year="2018",
}
@book{bardbook,
    author="Jonathan F. Bard",
    title="Practical Bilevel Optimization, Algorithms and Applications",
    year="1998",
}
@article{hunt2007,
    author="J. D. Hunt and J. E. Abraham",
    title="Influences on bicycle use",
    year="2007",
}
@article{liu2019,
    author="Haoxiang Liu and Haoxiang Liu and Jiancheng Long",
    title="ike network design problem with a path-size logit-based equilibrium constraint: Formulation, global optimization and matheuristic",
    year="2019",
}
@manual{typicalcostsofcylcing,
    author="UK Department for Transport",
    title="Typical Costs of Cycling Interventions Interim analysis of Cycle City Ambition schemes",
    year="2017",
}
@manual{blos2007,
    author="Sprinkle Consulting Inc.",
    title="Bicycle Level Of Service, Applied Model",
    year="2007",
}
@article{shwe2014,
    author="Schweizer and Rupi",
    title="Performance evaluation of extreme bicycle scenarios",
    year="2014",
    journal="Procedia - Social and Behavioral Sciences",
}
@article{ortuz2011,
    author="Juan Ortúzar and Luis Willumsen",
    title="Modelling Transport",
    year="2011",
}
@article{rios2015,
    author="Alberto Ríos and Alejandro Taddia",
    title="Ciclo-inclusión en América Latina y el Caribe",
    year="2015",
}
@article{anette2018,
    author="Jahre Anette and Bere Elling and Nordengen Solveig and Solbraa Ane and Andersen Lars and Riiser Amund and Bjørnarå Helga",
    title="Public employees in South-Western Norway using an e-bike or a regular bike for commuting – A cross-sectional comparison on sociodemographic factors, commuting frequency and commuting distance",
    year="2019",
}
@article{broach2012,
    author="Joseph Broach and Jennifer Dill and John Gliebe",
    title="Where do cyclists ride? A route choice model developed with revealed preference GPS data",
    year="2012",
    journal="Transportation Research Part A: Policy and Practice",
}
@article{cadarso2015,
    author="Luis Cadarso and Ángel Marín",
    title="Improved rapid transit network design model: considering transfer effects",
    year="2015",
}
@article{winters2010,
    author="Meghan Winters and Kay Teschke and Michael Grant and Eleanor M. Setton and Michael Brauer",
    title="How Far Out of the Way Will We Travel?: Built Environment Influences on Route Selection for Bicycle and Car Travel",
    year="2010",
}
